<?xml version="1.0" encoding="UTF-8"?><collection xmlns="http://www.loc.gov/MARC21/slim"><record><leader>00595nam--2200193-i-4500</leader><controlfield tag="001">000010587</controlfield><controlfield tag="002">20161230</controlfield><controlfield tag="005">20161230201028</controlfield><controlfield tag="008">060222s1000------------r-----000-0-fre-d</controlfield><datafield ind1=" " ind2=" " tag="040"><subfield code="a">IFIN-HH</subfield></datafield><datafield ind1=" " ind2=" " tag="041"><subfield code="a">fre</subfield></datafield><datafield ind1=" " ind2=" " tag="080"><subfield code="a">539.184.2. 546.28</subfield></datafield><datafield ind1="1" ind2=" " tag="100"><subfield code="a">Corriu, R</subfield></datafield><datafield ind1="1" ind2="0" tag="245"><subfield code="a">Configuration absolue d'organosilanes fonctionnels. stereochimie de quelques reactions de substitution nucleophile au niveau de l'atome</subfield><subfield code="c">R. corriu, g. royo</subfield></datafield><datafield ind1=" " ind2=" " tag="260"><subfield code="a">Oxford,, 1971</subfield><subfield code="b">Pergamon Press</subfield><subfield code="c">1971</subfield></datafield><datafield ind1=" " ind2=" " tag="300"><subfield code="a">/PAG.DIF.</subfield></datafield><datafield ind1="1" ind2=" " tag="700"><subfield code="a">Royo, G</subfield></datafield><datafield ind1=" " ind2=" " tag="852"><subfield code="a">38309</subfield><subfield code="c">539.18</subfield></datafield><datafield ind1=" " ind2=" " tag="CAT"><subfield code="a">Sys</subfield><subfield code="c">20120702</subfield><subfield code="h">171823</subfield></datafield></record></collection>